<record xmlns:xsi="http://www.w3.org/2001/XMLSchema-instance" xmlns="http://www.loc.gov/MARC21/slim" xsi:schemaLocation="http://www.loc.gov/MARC21/slim http://www.loc.gov/standards/marcxml/schema/MARC21slim.xsd">

  <leader>00811nam a2200205Ia 4500</leader>
  <datafield tag="999" ind1=" " ind2=" ">
    <subfield code="c">568</subfield>
    <subfield code="d">568</subfield>
  </datafield>
  <controlfield tag="008">170206b2009    cr ||||| |||| 00| | spa d</controlfield>
  <datafield ind2=" " tag="020" ind1=" ">
    <subfield code="a">9789968411646</subfield>
  </datafield>
  <datafield ind2=" " ind1=" " tag="090">
    <subfield code="a">05.05.03 </subfield>
    <subfield code="b">1595</subfield>
  </datafield>
  <datafield ind2=" " tag="100" ind1="1">
    <subfield code="9">781</subfield>
    <subfield code="a">Ospina Garcés, Helena</subfield>
    <subfield code="e">Editor/a</subfield>
  </datafield>
  <datafield tag="245" ind1="1" ind2="0">
    <subfield code="a">Proyección social y responsabilidad del autor. Actas del III Encuentro Mesoamericano "Escritura-Cultura". I Coloquio "Escritoras y Escritores Latinoamericanos" / </subfield>
    <subfield code="c">Helena Ospina, editora</subfield>
  </datafield>
  <datafield ind2=" " ind1=" " tag="260">
    <subfield code="a">San José, Costa Rica : </subfield>
    <subfield code="b">PROMESA, </subfield>
    <subfield code="c">2009</subfield>
  </datafield>
  <datafield ind2=" " tag="300" ind1=" ">
    <subfield code="a">510 páginas</subfield>
  </datafield>
  <datafield ind2=" " tag="490" ind1=" ">
    <subfield code="a">Encuentros Mesoamericanos,</subfield>
    <subfield code="v">2</subfield>
  </datafield>
  <datafield ind2="4" tag="650" ind1="1">
    <subfield code="a">LITERATURA </subfield>
    <subfield code="9">655</subfield>
  </datafield>
  <datafield tag="650" ind1="1" ind2="4">
    <subfield code="a">CONFERENCIA</subfield>
    <subfield code="9">506</subfield>
  </datafield>
  <datafield tag="650" ind1="1" ind2="4">
    <subfield code="a">ESCRITURA</subfield>
  </datafield>
  <datafield tag="651" ind1=" " ind2="4">
    <subfield code="9">273</subfield>
    <subfield code="a">AMÉRICA LATINA</subfield>
  </datafield>
  <datafield ind1=" " tag="711" ind2=" ">
    <subfield code="a">Encuentro Mesoamericano Escritura-Cultura </subfield>
    <subfield code="n">(3 : </subfield>
    <subfield code="d">2011:</subfield>
    <subfield code="c">San José, Costa Rica)</subfield>
    <subfield code="9">2394</subfield>
  </datafield>
  <datafield tag="942" ind1=" " ind2=" ">
    <subfield code="2">z</subfield>
    <subfield code="c">01</subfield>
  </datafield>
</record>